<?xml version="1.0" encoding="UTF-8"?><collection xmlns="http://www.loc.gov/MARC21/slim"><record><leader>00487nam--2200157-u-4500</leader><controlfield tag="001">000055518</controlfield><controlfield tag="002">20161230</controlfield><controlfield tag="005">20161230201052</controlfield><controlfield tag="008">130218s1000------------r-----000-0-eng-d</controlfield><datafield ind1=" " ind2=" " tag="040"><subfield code="a">IFIN-HH</subfield></datafield><datafield ind1=" " ind2=" " tag="080"><subfield code="a">801.232</subfield></datafield><datafield ind1="1" ind2=" " tag="110"><subfield code="a">Ispolzovaniiu Atomnoi Energii Pri Sovete Ministrov Sssr</subfield></datafield><datafield ind1="1" ind2="0" tag="245"><subfield code="a">Anglo-russkii slovari po radioelektronike i sviazi</subfield></datafield><datafield ind1=" " ind2=" " tag="260"><subfield code="a">Moskva</subfield><subfield code="b">Ispolzovaniiu Atomnoi Energii Pri Sovete Ministrov Sssr</subfield><subfield code="c">1959</subfield></datafield><datafield ind1=" " ind2=" " tag="300"><subfield code="a">D.162</subfield><subfield code="c">SLT</subfield></datafield><datafield ind1=" " ind2=" " tag="CAT"><subfield code="a">Sys</subfield><subfield code="c">20130218</subfield><subfield code="h">161212</subfield></datafield></record></collection>